@Book{matousek,
	author = {Petr MATOUŠEK},
	title = {S\'{i}\v{t}ov\'{e} slu\v{z}by a jejich architektura},
	pages = {341-351},
	year = {2014},
	location = {Brno, CZ},
	publisher = {Publishing house of Brno University of Technology VUTIUM},
	ISBN = {978-80-214-3766-1},
	language = {czech},
	url = {https://www.fit.vut.cz/research/publication/10567}
}

@Misc{agent,
	title = {Agent Architecture},
	howpublished = {[online]},
	year = {rev. 24. listopad 2015},
	note = {[vid. 2020-11-18]},
	url = {http://www.net-snmp.org/wiki/index.php/Agent_Architecture},
}

@Misc{mib,
	title = {Net-SNMP Tutorial -- MIB Module},
	howpublished = {[online]},
	year = {rev. 22. květen 2020},
	note = {[vid. 2020-11-18]},
	url = {http://www.net-snmp.org/tutorial/tutorial-5/toolkit/mib_module/},
}

@Misc{dyn,
	title = {TUT:Writing a Dynamically Loadable Object},
	howpublished = {[online]},
	year = {rev. 11. srpen 2010},
	note = {[vid. 2020-11-18]},
	url = {http://www.net-snmp.org/wiki/index.php/TUT:Writing_a_Dynamically_Loadable_Object},
}

@Misc{mib2c,
	title = {TUT:mib2c General Overview},
	howpublished = {[online]},
	year = {rev. 19. duben 2012},
	note = {[vid. 2020-11-18]},
	url = {http://net-snmp.sourceforge.net/wiki/index.php/TUT:mib2c_General_Overview},
}

@Misc{module,
	title = {netSnmpTutorialMIB.c},
	howpublished = {[online]},
	year = {rev. 2014},
	note = {[vid. 20120-11-18]},
	url = {https://code.rdkcentral.com/r/plugins/gitiles/rdkb/components/opensource/ccsp/CcspSnmpPa/+/6f60f692a4ccb3286beebeb5cd3bd5b2e7ce087e/source/SnmpPlugin/netSnmpTutorialMIB.c},
}

@Misc{rfc,
	author = {G. KLYNE and C. NEWMAN},
	title = {Date and Time on the Internet: Timestamps},
	howpublished = {[online]},
	year = {rev. July 2002},
	note = {[vid. 2020-11-18]},
	url = {https://tools.ietf.org/html/rfc3339},
}